@book{knuth1986computers,
  title={Computers \& Typesetting},
  author={Knuth, D.E.},
  number={v. 1},
  isbn={9780201134476},
  series={Computers \& typesetting},
  url={https://books.google.co.uk/books?id=i3F1wgEACAAJ},
  year={1986},
  publisher={Addison-Wesley}
}
